@inproceedings{reinforce_cotrain,
  author    = {Jiawei Wu and
               Lei Li and
               William Yang Wang},
  title     = {Reinforced Co-Training},
  booktitle = {NAACL},
  year      = {2018},
}

@inproceedings{learn_active_learn,
  author    = {Meng Fang and
               Yuan Li and
               Trevor Cohn},
  title     = {Learning how to Active Learn: {A} Deep Reinforcement Learning Approach},
  booktitle = {EMNLP},
  pages     = {595--605},
  year      = {2017},
}

@inproceedings{rl_nmt,
  author    = {Gaurav Kumar and
               George Foster and
               Colin Cherry and
               Maxim Krikun},
  title     = {Reinforcement Learning based Curriculum Optimization for Neural Machine
               Translation},
  booktitle = {NAACL},
  pages     = {2054--2061},
  year      = {2019},
}

@inproceedings{learn_reweight,
  author    = {Mengye Ren and
               Wenyuan Zeng and
               Bin Yang and
               Raquel Urtasun},
  title     = {Learning to Reweight Examples for Robust Deep Learning},
  booktitle = {ICML},
  pages     = {4331--4340},
  year      = {2018},

}

@article{meta_aux_learn,
  author    = {Shikun Liu and
               Andrew J. Davison and
               Edward Johns},
  title     = {Self-Supervised Generalisation with Meta Auxiliary Learning},
  journal   = {CoRR},
  volume    = {abs/1901.08933},
  year      = {2019},
  url       = {http://arxiv.org/abs/1901.08933},
  archivePrefix = {arXiv},
  eprint    = {1901.08933},
  timestamp = {Sat, 02 Feb 2019 16:56:00 +0100},
  biburl    = {https://dblp.org/rec/bib/journals/corr/abs-1901-08933},
  bibsource = {dblp computer science bibliography, https://dblp.org}
}

@article{cos_sim,
  author    = {Yunshu Du and
               Wojciech M. Czarnecki and
               Siddhant M. Jayakumar and
               Razvan Pascanu and
               Balaji Lakshminarayanan},
  title     = {Adapting Auxiliary Losses Using Gradient Similarity},
  journal   = {CoRR},
  volume    = {abs/1812.02224},
  year      = {2018},
  url       = {http://arxiv.org/abs/1812.02224},
  archivePrefix = {arXiv},
  eprint    = {1812.02224},
  timestamp = {Thu, 03 Jan 2019 09:29:38 +0100},
  biburl    = {https://dblp.org/rec/bib/journals/corr/abs-1812-02224},
  bibsource = {dblp computer science bibliography, https://dblp.org}
}


@inproceedings{significance_nmt,
  author    = {Jonathan H. Clark and
               Chris Dyer and
               Alon Lavie and
               Noah A. Smith},
  title     = {Better Hypothesis Testing for Statistical Machine Translation: Controlling
               for Optimizer Instability},
  booktitle = {ACL},
  year      = {2011},
}

@inproceedings{mentornet,
  author    = {Lu Jiang and
               Zhengyuan Zhou and
               Thomas Leung and
               Li{-}Jia Li and
               Li Fei{-}Fei},
  title     = {MentorNet: Learning Data-Driven Curriculum for Very Deep Neural Networks
               on Corrupted Labels},
  booktitle = {ICML},
  year      = {2018},
}

@inproceedings{spcl,
  author    = {Lu Jiang and
               Deyu Meng and
               Qian Zhao and
               Shiguang Shan and
               Alexander G. Hauptmann},
  title     = {Self-Paced Curriculum Learning},
  booktitle = {AAAI},
  year      = {2015},
}

@inproceedings{learn_mix_submodular,
  author    = {Sebastian Tschiatschek and
               Rishabh K. Iyer and
               Haochen Wei and
               Jeff A. Bilmes},
  title     = {Learning Mixtures of Submodular Functions for Image Collection Summarization},
  booktitle = {NIPS},
  year      = {2014},
}

@inproceedings{submodular_mt,
  author    = {Katrin Kirchhoff and
               Jeff A. Bilmes},
  title     = {Submodularity for Data Selection in Machine Translation},
  booktitle = {EMNLP},
  year      = {2014},
}

@inproceedings{lownmt19,
  title={Revisiting Low-Resource Neural Machine Translation:
A Case Study},
  author={Rico Sennrich and Biao Zhang},
  booktitle = {ACL},
  year={2019}
}

@inproceedings{importance_weight,
  title={Discriminative importance weighting of augmented training data for acoustic model training},
  author={Sunit Sivasankaran  and Emmanuel Vincent and Irina Illina.},
  booktitle = {ICASSP},
  year={2017}
}

@inproceedings{dynamic_data_selection_nmt,
  author    = {Marlies van der Wees and
               Arianna Bisazza and
               Christof Monz},
  title     = {Dynamic Data Selection for Neural Machine Translation},
  booktitle = {EMNLP},
  year      = {2017},
}

@inproceedings{dynamic,
  author    = {Wei Wang and
               Isaac Caswell and
               Ciprian Chelba},
  title     = {Dynamically Composing Domain-Data Selection with Clean-Data Selection
               by "Co-Curricular Learning" for Neural Machine Translation},
  booktitle = {ACL},
  year      = {2019},
}

@inproceedings{bleu,
  author    = {Kishore Papineni and
               Salim Roukos and
               Todd Ward and
               Wei{-}Jing Zhu},
  title     = {Bleu: a Method for Automatic Evaluation of Machine Translation},
  booktitle = {ACL},
  year      = {2002},
}

@article{johnson_nmt,
  author    = {Melvin Johnson and
               Mike Schuster and
               Quoc V. Le and
               Maxim Krikun and
               Yonghui Wu and
               Zhifeng Chen and
               Nikhil Thorat and
               Fernanda B. Vi{\'{e}}gas and
               Martin Wattenberg and
               Greg Corrado and
               Macduff Hughes and
               Jeffrey Dean},
  title     = {Google's Multilingual Neural Machine Translation System: Enabling
               Zero-Shot Translation},
  journal   = {TACL},
  year      = {2017}
}

@inproceedings{learn_to_teach,
  author    = {Yang Fan and
               Fei Tian and
               Tao Qin and
               Xiang{-}Yang Li and
               Tie{-}Yan Liu},
  title     = {Learning to Teach},
  booktitle = {ICLR},
  year      = {2018},
}

@inproceedings{spl_tracking3,
  author    = {James Steven Supancic III and
               Deva Ramanan},
  title     = {Self-Paced Learning for Long-Term Tracking},
  booktitle = {CVPR},
  year      = {2013},
}

@inproceedings{spl_visual_category,
  author    = {Yong Jae Lee and
               Kristen Grauman},
  title     = {Learning the easy things first: Self-paced visual category discovery},
  booktitle = {CVPR},
  year      = {2011},
}

@inproceedings{spl_kumar,
  author    = {M. Pawan Kumar and
               Benjamin Packer and
               Daphne Koller},
  title     = {Self-Paced Learning for Latent Variable Models},
  booktitle = {NIPS},
  year      = {2010},
}

@inproceedings{SpitkovskyAJ10,
  author    = {Valentin I. Spitkovsky and
               Hiyan Alshawi and
               Daniel Jurafsky},
  title     = {From Baby Steps to Leapfrog: How "Less is More" in Unsupervised Dependency
               Parsing},
  booktitle = {NAACL},
  year      = {2010},
}

@inproceedings{automate_cl_GravesBMMK17,
  author    = {Alex Graves and
               Marc G. Bellemare and
               Jacob Menick and
               R{\'{e}}mi Munos and
               Koray Kavukcuoglu},
  title     = {Automated Curriculum Learning for Neural Networks},
  booktitle = {ICML},
  year      = {2017},
}

@inproceedings{cl_bengio,
  author    = {Yoshua Bengio and
               J{\'{e}}r{\^{o}}me Louradour and
               Ronan Collobert and
               Jason Weston},
  title     = {Curriculum learning},
  booktitle = {ICML},
  year      = {2009}
}

@article{domain_adapt_transfer,
  author    = {Jiquan Ngiam and
               Daiyi Peng and
               Vijay Vasudevan and
               Simon Kornblith and
               Quoc V. Le and
               Ruoming Pang},
  title     = {Domain Adaptive Transfer Learning with Specialist Models},
  journal   = {CVPR},
  year      = {2018},
}

@article{bilevel_optim,
  author    = {Beno{\^{\i}}t Colson and
               Patrice Marcotte and
               Gilles Savard},
  title     = {An overview of bilevel optimization},
  journal   = {Annals {OR}},
  volume    = {153},
  number    = {1},
  year      = {2007},
}

@article{hier_optim,
  author    = {G. Anandalingam and
               Terry L. Friesz},
  title     = {Hierarchical optimization: An introduction},
  journal   = {Annals {OR}},
  year      = {1992},
}

@article{darts,
  author    = {Hanxiao Liu and
               Karen Simonyan and
               Yiming Yang},
  title     = {{DARTS:} Differentiable Architecture Search},
  booktitle = {ICLR},
  year      = {2019},
}

@inproceedings{hyper_grad,
  author    = {Atilim Gunes Baydin and
               Robert Cornish and
               David Mart{\'{\i}}nez{-}Rubio and
               Mark Schmidt and
               Frank Wood},
  title     = {Online Learning Rate Adaptation with Hypergradient Descent},
  booktitle = {ICLR},
  year      = {2018},
}

@inproceedings{imagenet_generalize_better,
  title     = {Do Better ImageNet Models Transfer Better?},
  author    = {Kornblith, Simon and Shlens, Jonathon and Le, Quoc V.},
  booktitle = {CVPR},
  year      = {2019}
}

@inproceedings{baysian_curriculum,
  author    = {Tsvetkov, Yulia and Faruqui, Manaal and  Ling,Wang and MacWhinney,Brian  and Dyer, Chris },
  title     = {Learning the Curriculum with Bayesian Optimization for Task-Specific Word Representation Learning},
  booktitle = {ACL},
  year      = {2016}
}

@inproceedings{overfit_random_examples,
  author    = {Zhang, Chiyuan and
               Bengio, Samy and
               Hardt, Moritz and
               Recht, Benjamin and
               Vinyals, Oriol},
  title     = {Understanding deep learning requires rethinking generalization},
  booktitle = {ICLR},
  year      = {2017}
}

@article{rapid_adapt_nmt,
  author    = {Graham Neubig and
               Junjie Hu},
  title     = {Rapid Adaptation of Neural Machine Translation to New Languages},
  journal   = {EMNLP},
  year      = {2018}
}

@article{ted_pretrain_emb,
  author    = {Ye Qi and
               Devendra Singh Sachan and
               Matthieu Felix and
               Sarguna Padmanabhan and
               Graham Neubig},
  title     = {When and Why Are Pre-Trained Word Embeddings Useful for Neural Machine
               Translation?},
  journal   = {NAACL},
  year      = {2018},
}

@inproceedings{sde,
    title = {Multilingual Neural Machine Translation with Soft Decoupled Encoding},
    year = {2019},
    author = {Wang, Xinyi and Pham, Hieu and Arthur,  Philip and Neubig, Graham},
    booktitle = {ICLR},
}


@inproceedings{sentencepiece,
    title = {SentencePiece: A simple and language independent subword tokenizer
and detokenizer for Neural Text Processing},
    year = {2018},
    author = {Kudo, Taku and Richardson, John},
    booktitle = {EMNLP},
}


@inproceedings{TCS,
    title = "Target Conditioned Sampling: Optimizing Data Selection for Multilingual Neural Machine Translation",
    author = "Wang, Xinyi and Neubig, Graham",
    booktitle = "ACL",
    year = "2019",
}

@inproceedings{jiang-zhai-2007-instance,
    title = "Instance Weighting for Domain Adaptation in NLP",
    author = "Jiang, Jing  and
      Zhai, ChengXiang",
    booktitle = "ACL",
    year = "2007",
}

@inproceedings{foster-etal-2010-discriminative,
    title = "Discriminative Instance Weighting for Domain Adaptation in Statistical Machine Translation",
    author = "Foster, George  and
      Goutte, Cyril  and
      Kuhn, Roland",
    booktitle = "EMNLP",
    year = "2010",
}

@inproceedings{wang-etal-2017-instance,
    title = "Instance Weighting for Neural Machine Translation Domain Adaptation",
    author = "Wang, Rui  and
      Utiyama, Masao  and
      Liu, Lemao  and
      Chen, Kehai  and
      Sumita, Eiichiro",
    booktitle = "EMNLP",
}

@inproceedings{axelrod2011domain,
  title={Domain adaptation via pseudo in-domain data selection},
  author={Axelrod, Amittai and He, Xiaodong and Gao, Jianfeng},
  booktitle={EMNLP},
  year={2011},
}

@inproceedings{moore2010intelligent,
  title={Intelligent selection of language model training data},
  author={Moore, Robert C and Lewis, William},
  booktitle={ACL},
  year={2010},
}

@inproceedings{finn2017model,
  title={Model-agnostic meta-learning for fast adaptation of deep networks},
  author={Finn, Chelsea and Abbeel, Pieter and Levine, Sergey},
  booktitle={ICML},
  year={2017},
}

@article{zhang2016boosting,
  title={Boosting neural machine translation},
  author={Zhang, Dakun and Kim, Jungi and Crego, Josep and Senellart, Jean},
  journal={Arxiv 1612.06138},
  year={2016}
}

@inproceedings{platanios19naacl,
    title = {Competence-based Curriculum Learning for Neural Machine Translation},
    author = {Emmanouil Antonios Platanios and Otilia Stretcu and Graham Neubig and Barnabas Poczos and Tom Mitchell},
    booktitle = {NAACL},
    year = {2019}
}

@article{zhang2018empirical,
  title={An Empirical Exploration of Curriculum Learning for Neural Machine Translation},
  author={Zhang, Xuan and Kumar, Gaurav and Khayrallah, Huda and Murray, Kenton and Gwinnup, Jeremy and Martindale, Marianna J and McNamee, Paul and Duh, Kevin and Carpuat, Marine},
  journal={Arxiv, 1811.00739},
  year={2018}
}
% Cleaning up NMT train data
@inproceedings{vyas-etal-2018-identifying,
    title = "Identifying Semantic Divergences in Parallel Text without Annotations",
    author = "Vyas, Yogarshi  and
      Niu, Xing  and
      Carpuat, Marine",
    booktitle = "NAACL",
    year = "2018",
}
@inproceedings{pham-etal-2018-fixing,
    title = "Fixing Translation Divergences in Parallel Corpora for Neural {MT}",
    author = "Pham, Minh Quang  and
      Crego, Josep  and
      Senellart, Jean  and
      Yvon, Fran{\c{c}}ois",
    booktitle = "EMNLP",
    year = "2018",
}

@inproceedings{enas,
 title     = {Efficient Neural Architecture Search via Parameter Sharing},
 author    = {Pham, Hieu and
              Guan, Melody Y. and
              Barret, Zoph and
              Le, Quoc V. and
              Dean, Jeff},
 booktitle = {ICML},
 year      = {2018},
}

@inproceedings{device_placement,
 title     = {Device Placement Optimization with Reinforcement Learning},
 author    = {Mirhoseini, Azalia and
              Pham, Hieu and
              Le, Quoc V. and
              Steiner, Benoit and
              Larsen, Rasmus and
              Zhou, Yuefeng and
              Kumar, Naveen and
              Norouzi, Mohammad and
              Bengio, Samy and
              Dean, Jeff},
 booktitle = {ICML},
 year      = {2017},
}

@inproceedings{multistep_conv,
 title     = {Multiple Object Recognition with Visual Attention},
 author    = {Ba, Jimmy and
              Mnih, Volodymyr and
              Kavukcuoglu, Koray},
 booktitle = {ICLR},
 year      = {2015},
}

@article{imagenet,
  author = {Olga Russakovsky and Jia Deng and Hao Su and Jonathan Krause and
    Sanjeev Satheesh and Sean Ma and Zhiheng Huang and Andrej Karpathy and
      Aditya Khosla and Michael Bernstein and Alexander C. Berg and Li
      Fei-Fei},
  title = {{ImageNet Large Scale Visual Recognition Challenge}},
  year = {2015},
  journal   = {IJCV},
}

@misc{rms_prop,
  title        = {{RmsProp: Divide the gradient by a running
    average of its recent magnitude}},
  author       = {Tieleman, T. and Hinton, G.},
  howpublished = {COURSERA: Neural Networks for Machine Learning},
  year         = {2012}
}


@online{lkhsolver,
  author = {Keld Helsgaun},
  title = {{LK-H}},
  year = 2012,
  url = {http://akira.ruc.dk/~keld/research/LKH/},
}


@article{inception_app2,
  title = {Dermatologist-level classification of skin cancer},
  author = {Esteva, Andre and
            Kuprel, Brett and
            Novoa, Rob and
            Ko, Justin and
            Swetter, Susan and
            Blau, Helen M. and
            Thrun, Sebastian},
  year = {2016},
  journal = {Nature},
}
@incollection{inception_app1,
  title = {Achieving budget-optimality with adaptive schemes in crowdsourcing},
  author = {Khetan, Ashish and Oh, Sewoong},
  booktitle = {NIPS},
  year = {2016},
}

@article{MinKnap,
  author = {Pisinger, David},
  title = {A Minimal Algorithm for the 0-1 Knapsack Problem},
  journal = {Operations Research},
  year = {1997},
  pages = {758-767}
}


@article{ExpKnap,
  author = {Pisinger, David},
  title = {An expanding-core algorithm for the exact 0-1 Knapsack Problem European Journal of Operational Research},
  journal = {European Journal of Operational Research},
  year = {1995},
  pages = {175-187}
}

@article{rolnick2017deep,
  title={Deep learning is robust to massive label noise},
  author={Rolnick, David and Veit, Andreas and Belongie, Serge and Shavit, Nir},
  journal={arXiv preprint arXiv:1705.10694},
  year={2017}
}


@article{knapsack_dp,
  title = {An Approximate Dynamic Programming Approach to Multidimensional Knapsack Problems},
  author = {Bertsimas, Dimitris and Demir, Ramazan},
  year = {2002},
  journal = {Management Science},
  volume = {48},
  number = {4},
  pages = {550-565},
}


@book{knapsack,
  title = {Knapsack Problems},
  author = {Kellerer, Hans and Pferschy, Ulrich and Pisinger, David},
  publisher = {Springer-Verlag Berlin Heidelberg},
  year = {2004}
}

@article{bandmethod,
  title={Improvement of the efficiency of genetic algorithms for scalable
    parallel graph partitioning in a multi-level framework},
  author={C. Chevalier and F. Pellegrini},
  journal={EuroPar, Dresden, LNCS 4128},
  pages={243–-252},
  month={September},
  year={2006},
}
@article{diffusionmethod,
  title={A parallelisable multi-level banded diffusion scheme for computing
    balanced partitions with smooth boundaries},
  author={F. Pellegrini},
  journal={EuroPar, Rennes, LNCS 4641},
  pages={191–-200},
  month={August},
  year={2007},
}
@article{recursivebipartition,
  title={Experimental analysis of the dual recursive bipartitioning algorithm
    for static mapping},
  author={F. Pellegrini and J. Roman},
  journal={Research Report, LaBRI, Universite Bordeaux I},
  month={August},
  year={1996},
}
@article{multilevel1,
  title={A fast multilevel implementation of recursive spectral bisection for
    partitioning unstructured problems},
  author={S. T. Barnard and H. D. Simon},
  journal={Concurrency: practice and Experience, 6(2):101–117},
  year={1994},
}
@article{multilevel2,
  title={A multilevel algorithm for partitioning graphs},
  author={B. Hendrickson and R. Leland},
  journal={Technical Report SAND93–1301, Sandia National Laboratories},
  month={June},
  year={1993},
}
@article{multilevel3,
  title={A fast and high quality multilevel scheme for partitioning irregular
    graphs},
  author={G. Karypis and V. Kumar},
  journal={Technical Report 95-035, University of Minnesota},
  month={June},
  year={1995},
}


@article{kernighan1970efficient,
  title={An efficient heuristic procedure for partitioning graphs},
  author={Kernighan, Brian W and Lin, Shen},
  journal={The Bell system technical journal},
  volume={49},
  number={2},
  pages={291--307},
  year={1970},
  publisher={Alcatel-Lucent}
}
@inproceedings{fiduccia1988linear,
  title={A linear-time heuristic for improving network partitions},
  author={Fiduccia, Charles M and Mattheyses, Robert M},
  booktitle={Papers on Twenty-five years of electronic design automation},
  pages={241--247},
  year={1988},
  organization={ACM}
}
@article{kirkpatrick1983optimization,
  title={Optimization by simulated annealing},
  author={Kirkpatrick, Scott and Vecchi, Mario P and others},
  journal={Science},
  volume={220},
  number={4598},
  pages={671--680},
  year={1983},
  publisher={Washington}
}
@article{hagen1992new,
  title={New spectral methods for ratio cut partitioning and clustering},
  author={Hagen, Lars and Kahng, Andrew B},
  journal={IEEE transactions on computer-aided design of integrated circuits and systems},
  volume={11},
  number={9},
  pages={1074--1085},
  year={1992},
  publisher={IEEE}
}
@article{johnson1989optimization,
  title={Optimization by simulated annealing: an experimental evaluation; part I, graph partitioning},
  author={Johnson, David S and Aragon, Cecilia R and McGeoch, Lyle A and Schevon, Catherine},
  journal={Operations research},
  volume={37},
  number={6},
  pages={865--892},
  year={1989},
  publisher={INFORMS}
}

@article{tensorflow,
  title   = {TensorFlow: A system for large-scale machine learning},
  author  = {Abadi, Mart{\'i}n and
             Barham, Paul and
             Chen, Jianmin and
             Chen, Zhifeng and
             Davis, Andy and
             Dean, Jeffrey and
             Devin, Matthieu and
             Ghemawat, Sanjay and
             Irving, Geoffrey and
             Isard, Michael and
             Kudlur, Manjunath and
             Levenberg, Josh and
             Monga, Rajat and
             Moore, Sherry and
             G, Derek . Murrayand
             Steiner, Benoit and
             Tucker, Paul and
             Vasudevan, Vijay and
             Warden, Pete and
             Wicke, Martin and
             Yu, Yuan and
             Zheng, Xiaoqiang },
  journal = {Arxiv 1605.08695},
  year    = {2016}
}

@inproceedings{rl_alloc16,
 title     = {Resource Management with Deep Reinforcement Learning},
 author    = {Mao, Hongzi and
              Alizadeh, Mohammad and
              Menache, Ishai and
              Kandula, Srikanth},
 booktitle = {ACM Workshop on Hot Topics in Networks},
 year      = {2016},
}

@article{gnmt,
  title   = {Google's Neural Machine Translation System: Bridging the Gap
    between Human and Machine Translation},
  author  = {Wu, Yonghui and
             Schuster, Mike and
             Chen, Zhifeng and
             Le, Quoc V. and
             Norouzi, Mohammad and
             Macherey, Wolfgang and
             Krikun, Maxim and
             Cao, Yuan and
             Gao, Qin and
             Macherey, Klaus and
             Klingner, Jeff and
             Shah, Apurva and
             Johnson, Melvin and
             Liu, Xiaobing and
             Kaiser, Lukasz and
             Gouws, Stephan and
             Kato, Yoshikiyo and
             Kudo, Taku and
             Kazawa, Hideto and
             Stevens, Keith and
             Kurian, George and
             Patil, Nishant and
             Wang, Wei and
             Young, Cliff and
             Smith, Jason and
             Riesa, Jason and
             Rudnick, Alex and
             Vinyals, Oriol and
             Corrado, Greg and
             Hughes, Macduff and
             Dean, Jeffrey},
  journal = {Arxiv, 1609.08144},
  year    = {2016},
}


@article{lm1b,
  title   = {Exploring the limits of language modeling},
  author  = {Jozefowicz, Rafal and
             Vinyals, Oriol and
             Schuster, Mike and
             Shazeer, Noam and
             Wu, Yonghui},
  journal = {arXiv preprint arXiv:1602.02410},
  year    = {2016}
}

@article{karypis1995_metis,
  title  = {METIS--unstructured graph partitioning and sparse matrix ordering
    system, version 2.0},
  author = {Karypis, George and Kumar, Vipin},
  year   = {1995}
}

@article{scotch,
  author    = {Pellegrini, F.},
  title     = {Distillating knowledge about SCOTCH},
  publisher = {Combinatorial Scientific Computing},
  year      = {2009},
}

@inproceedings{wang2017_tacotron,
  author    = {Yuxuan Wang and
               R. J. Skerry{-}Ryan and
               Daisy Stanton and
               Yonghui Wu and
               Ron J. Weiss and
               Navdeep Jaitly and
               Zongheng Yang and
               Ying Xiao and
               Zhifeng Chen and
               Samy Bengio and
               Quoc V. Le and
               Yannis Agiomyrgiannakis and
               Rob Clark and
               Rif A. Saurous},
  title     = {Tacotron: {A} Fully End-to-End Text-To-Speech Synthesis Model},
  booktitle = {InterSpeech},
  year      = {2017},
}

@article{arik2017_deep,
  title   = {Deep Voice: Real-time neural text-to-speech},
  author  = {Arik, Sercan O and
             Chrzanowski, Mike and
             Coates, Adam and
             Diamos, Gregory and
             Gibiansky, Andrew and
             Kang, Yongguo and
             Li, Xian and
             Miller, John and
             Raiman, Jonathan and
             Sengupta, Shubho and
             others},
  journal = {Arxiv 1702.07825},
  year = {2017}
}


@article{oord2016_wavenet,
  title  = {Wavenet: A generative model for raw audio},
  author = {Oord, Aaron van den and
            Dieleman, Sander and
            Zen, Heiga and
            Simonyan, Karen and
            Vinyals, Oriol and
            Graves, Alex and
            Kalchbrenner, Nal and
            Senior, Andrew and
            Kavukcuoglu, Koray},
  journal = {Arxiv 1609.03499},
  year    = {2016}
}

@article{deep_speech,
  title   = {Deep speech: Scaling up end-to-end speech recognition},
  author  = {Hannun, Awni and
             Case, Carl and
             Casper, Jared and
             Catanzaro, Bryan and
             Diamos, Greg and
             Elsen, Erich and
             Prenger, Ryan and
             Satheesh, Sanjeev and
             Sengupta, Shubho and
             Coates, Adam and
             others},
  journal = {Arxiv 1412.5567},
  year    = {2014}
}

@article{chan2015_listen,
  title   = {Listen, attend and spell},
  author  = {Chan, William and
             Jaitly, Navdeep and
             Le, Quoc V. and
             Vinyals, Oriol},
  journal = {Arxiv 1508.01211},
  year    = {2015}
}

@inproceedings{graves2014_towards,
  title     = {Towards End-To-End Speech Recognition with Recurrent Neural Networks.},
  author    = {Graves, Alex and Jaitly, Navdeep},
  booktitle = {International Conference on Machine Learning},
  year      = {2014}
}

@article{hinton2012_deep,
  title  = {Deep neural networks for acoustic modeling in speech recognition:
    The shared views of four research groups},
  author = {Hinton, Geoffrey and
            Deng, Li and
            Yu, Dong and
            Dahl, George E. and
            Mohamed, Abdel-rahman and
            Jaitly, Navdeep and
            Senior, Andrew and
            Vanhoucke, Vincent and
            Nguyen, Patrick and
            Sainath, Tara N. and others},
  journal = {IEEE Signal Processing Magazine},
  year    = {2012}
}

@inproceedings{alex_net,
  title     = {Imagenet classification with deep convolutional neural networks},
  author    = {Krizhevsky, Alex and Sutskever, Ilya and Hinton, Geoffrey E.},
  booktitle = {NIPS},
  year      = {2012}
}

@book{tabubook,
  title  = {Tabu Search∗},
  author = {Glover, Fred and Laguna, Manuel},
  year   = {2013},
}

@article{simulated_annealing,
  author  = {S. Kirkpatrick and C. D. Gelatt and M. P. Vecchi},
  title   = {Optimization by simulated annealing},
  journal = {Science},
  year    = {1983},
}

@article{cho2016_napd,
  title   = {Noisy Parallel Approximate Decoding for Conditional Recurrent
    Language Model},
  author  = {Cho, Kyunghyun},
  journal = {Arxiv 1605.03835},
  year    = {2016}
}

@article{order_matters,
  title   = {Order matters: Sequence to sequence for sets},
  author  = {Vinyals, Oriol and
             Bengio, Samy and
             Kudlur, Manjunath},
  journal = {Arxiv 1511.06391},
  year    = {2015}
}

@article{rnn_blackbox,
  title   = {Learning to Learn for Global Optimization of Black Box Functions},
  author  = {Chen, Yutian and
             Hoffman, Matthew W. and
             Colmenarejo, Sergio Gomez and
             Denil, Misha and
             Lillicrap, Timothy P. and
             de Freitas, Nando},
  year    = {2016},
  journal = {Arxiv 1611.03824},
}

@inproceedings{feng2000_using,
  title     = {Using {H}opfield networks to solve traveling salesman problems
    based on stable state analysis technique},
  author    = {Feng, Gang and Douligeris, Christos},
  booktitle = {Neural Networks},
  year      = {2000},
}

@inproceedings{la2012_comparison,
  title     = {Comparison of neural networks for solving the {T}ravelling
    {S}alesman {P}roblem},
  author    = {La Maire, Bert F. J. and
               Mladenov, Valeri M.},
  booktitle = {NEUREL},
  year      = {2012},
}

@article{kohonen1990_self,
  title   = {The self-organizing map},
  author  = {Kohonen, Teuvo},
  journal = {Proceedings of the IEEE},
  year    = {1990},
}

@article{laporte1992_traveling,
  title   = {The traveling salesman problem: An overview of exact and approximate
    algorithms},
  author  = {Laporte, Gilbert},
  journal = {European Journal of Operational Research},
  year    = {1992},
}

@inproceedings{sarwar2012_critical,
  title     = {Critical analysis of {H}opfield's neural network model for {TSP}
    and its comparison with heuristic algorithm for shortest path computation},
  author    = {Sarwar, Farah and
               Bhatti, Abdul Aziz},
  booktitle = {IBCAST},
  year      = {2012},
}

@article{fort1988_solving,
  title  = {Solving a combinatorial problem via self-organizing process: an
    application of the {K}ohonen algorithm to the traveling salesman problem},
  author  = {Fort, J. C.},
  journal = {Biological Cybernetics},
  year    = {1988},
}

@article{durbin1987_analogue,
  title   = {An analogue approach to the {T}ravelling {S}alesman},
  author  = {Durbin, Richard},
  journal = {Nature},
  year    = {1987}
}

@article{burke1994_neural,
  title   = {Neural methods for the {T}raveling {S}alesman {P}roblem: insights from operations research},
  author  = {Burke, Laura I.},
  journal = {Neural Networks},
  year    = {1994},
}

@article{favata1991_study,
  title   = {A study of the application of {Kohonen}-type neural networks to the
    travelling salesman problem},
  author  = {Favata, Favio and
             Walker, Richard},
  journal = {Biological Cybernetics},
  year    = {1991},
}

@article{vakhutinsky1995_hierarchical,
  title   = {A hierarchical strategy for solving traveling salesman problems
    using elastic nets},
  author  = {Vakhutinsky, Andrew I. and
             Golden, Bruce L.},
  journal = {Journal of Heuristics},
  year    = {1995},
}

@article{a3c,
  title  = {Asynchronous Methods for Deep Reinforcement Learning},
  author = {Mnih, Volodymyr and
            Badia, Adri\`{a} Puigdom\`{e}nech and
            Mirza, Mehdi and
            Graves, Alex and
            Lillicrap, Timothy P. and
            Harley, Tim and
            Silver, David and
            Kavukcuoglu, Koray},
  journal={arXiv preprint arXiv:1605.03835},
  year={2016}
}

@inproceedings{joppe1990_neural,
  title     = {A neural network for solving the travelling salesman problem on
    the basis of city adjacency in the tour},
  author    = {Joppe, Aart and
               Cardon, Helmut RA and
               Bioch, Jan C},
  booktitle = {Neural Networks},
  year      = {1990},
}

@inproceedings{fritzke1991_flexmap,
  title     = {FLEXMAP-a neural network for the traveling salesman problem with linear time and space complexity},
  author    = {Fritzke, Bernd and
               Wilke, Peter},
  booktitle = {Neural Networks},
  year      = {1991},
}

@article{angeniol1988_self,
  title   = {Self-organizing feature maps and the {T}ravelling {S}alesman {P}roblem},
  author  = {Angeniol, Bernard and
             Vaubois, Gael De La Croix and
             Le Texier, Jean-Yves},
  journal = {Neural Networks},
  year    = {1988},
}

@article{hopfield1985_neural,
  title   = {"{Neural}" computation of decisions in optimization problems},
  author  = {Hopfield, John J. and Tank, David W.},
  journal = {Biological Cybernetics},
  year    = {1985},
}

@article{smith1999_neural,
  title   = {Neural networks for combinatorial optimization: a review of more than a decade of research},
  author  = {Smith, Kate A.},
  journal = {INFORMS Journal on Computing},
  year    = {1999},
}

@article{wilson1988_stability,
  title   = {On the stability of the travelling salesman problem algorithm of Hopfield and Tank},
  author  = {Wilson, G. V. and Pawley, G. S.},
  journal = {Biological Cybernetics},
  year    = {1988},
}

@article{aiyer1990_theoretical,
  title   = {A theoretical investigation into the performance of the {Hopfield} model},
  author  = {Aiyer, Sreeram V. B. and
             Niranjan, Mahesan and
             Fallside, Frank},
  journal = {IEEE Transactions on Neural Networks},
  year    = {1990},
}

@phdthesis{gee1993_problem,
  title  ={Problem solving with optimization networks},
  author ={Gee, Andrew Howard},
  year   ={1993},
}

@article{hyper_heu,
  title   = {Hyper-heuristics: a survey of the state of the art.},
  author = {Burke, Edmund K. and
            Gendreau, Michel and
            Hyde, Matthew R. and
            Kendall, Graham and
            Ochoa, Gabriela and
            \"{O}zcan, Ender
            and Qu, Rong},
  journal = {JORS},
  year    = {2013},
}

@book{handbook_of_meta_heu,
  title    = {Hyperheuristics: An emerging direction in modern search technology},
  author   = {Burke, Edmund and
              Kendall, Graham and
              Newal, Jim and
              Hart, Emma and
              Ross, Peter and
              Schulenburg, Sonia},
  booktitle= {Handbook of metaheuristics},
  year     = {2003},
}

@article{no_free_lunch_theorem,
  title   = {No Free Lunch Theorems for Optimization},
  author  = {Wolpert, D. H. and
             Macready, W. G.},
  journal = {Transactions on Evolutionary Computation},
  year    = {1997},
}

@article{guided_local_search,
  title   = {Guided local search and its application to the traveling salesman problem},
  author  = {Voudouris, Christos and Tsang, Edward},
  journal = {European journal of operational research},
  year    = {1999},
}

@incollection{2opt,
  title     = {Local search and the traveling salesman problem: A feature-based characterization of problem hardness},
  author    = {Mersmann, Olaf and
               Bischl, Bernd and
               Bossek, Jakob and
               Trautmann, Heike and
               Wagner, Markus and
               Neumann, Frank},
  booktitle = {Learning and Intelligent Optimization},
  year      = {2012},
  publisher = {Springer}
}

@online{google_or_tools,
  title   = {OR-Tools, Google Optimization Tools},
  author  = {Google},
  year    = {2016},
  url     = {https://developers.google.com/optimization},
  urldate = {2016-11-01}
}

@article{lk,
 title   = {An Effective Heuristic Algorithm for the Traveling-Salesman Problem},
 author  = {S. Lin and B. W. Kernighan},
 journal = {Operations Research},
 year    = {1973}
}

@article{cutting_plane_3,
  title   = {Implementing the Dantzig-Fulkerson-Johnson algorithm for large traveling salesman problems},
  author  = {Applegate, David and Bixby, Robert and Chv{\'a}tal, Va{\v{s}}ek and Cook, William},
  journal = {Mathematical programming},
  year    = {2003},
}

@article{cutting_plane_2,
  title   = {A Branch-and-Cut Algorithm for the Resolution of Large-Scale Symmetric Traveling Salesman Problems},
  author  = {Manfred Padberg and Giovanni Rinaldi},
  journal = {Society for Industrial and Applied Mathematics},
  year    = {1990},
}

@article{cutting_plane_1,
  title   = {Solution of a large-scale traveling-salesman problem},
  author  = {Dantzig, George and Fulkerson, Ray and Johnson, Selmer},
  journal = {Journal of the operations research society of America},
  year    = {1954},
}

@inproceedings{christofides,
  title     = {Worst-case analysis of a new heuristic for the {T}ravelling {S}alesman {P}roblem},
  author    = {Christofides, Nicos},
  booktitle = {Graduate School of Industrial Administration, CMU, Report 388},
  year      = {1976}
}

@online{concorde,
  title  = {Concorde TSP solver},
  author = {Applegate, David L. and
            Bixby, Robert E. and
            Chvatal, Vasek and
            Cook, William J.},
  year   = {2006},
  url    = {www.math.uwaterloo.ca/tsp/concorde}
}

@article{lkh,
  title   = {An Effective Implementation of the {Lin-Kernighan} Traveling Salesman},
  author  = {Helsgaun, Keld},
  year    = {2000},
  journal = {European Journal of Operational Research},
}

@inproceedings{pointer_networks,
  title     = {Pointer Networks},
  author    = {Vinyals, Oriol and
              Fortunato, Meire and
              Jaitly, Navdeep},
  booktitle = {NIPS},
  year      = {2015}
}

@article{euclidean_tsp_is_np_complete,
  title     = {The {E}uclidean {T}ravelling {S}alesman {P}roblem is {NP}-complete},
  author    = {Papadimitriou, Christos H.},
  journal   = {Theoretical Computer Science},
  year      = {1977},
}

@book{tspbook,
  title     = {The traveling salesman problem: a computational study},
  author    = {Applegate, David L and
               Bixby, Robert E and
               Chvatal, Vasek and
               Cook, William J.},
  year      = {2011},
  publisher = {Princeton university press}
}


@inproceedings{conv_features_transfer,
  author    = {Razavian, Ali Sharif and
               Azizpour, Hossein and
               Sullivan Josephine and
               Carlsson, Stefan},
  title     = {CNN Features off-the-shelf: an Astounding Baseline for Recognition},
  booktitle = {CVPR},
  year      = {2014},
}

@inproceedings{multitask_seq2seq,
  author    = {Luong, Minh-Thang and
               Le, Quoc V. and
               Sutskever, Ilya and
               Vinyals, Oriol and
               Kaiser, Lukasz},
  title     = {Multi-task sequence to sequence learning},
  booktitle = {ICLR},
  year      = {2016},
}

@inproceedings{nmt_transfer,
  author    = {Zoph, Barret and
               Yuret, Deniz and
               May, Jonathan and
               Knight, Kevin},
  title     = {Transfer Learning for Low-Resource Neural Machine Translation},
  booktitle = {EMNLP},
  year      = {2016},
}

@inproceedings{conv_transfer,
  author    = {Yosinski, Jason,
               Clune, Jeff and
               Bengio, Yoshua and
               Lipson, Hod},
  title     = {How transferable are features in deep neural networks?},
  booktitle = {NIPS},
  year      = {2014},
}

@article{conditional_computation,
  author    = {Bengio, Emmanuel and
               Bacon, Pierre-Luc and
               Pineau, Joelle and
               Precup, Doina},
  title     = {Conditional Computation in Neural Networks for faster models},
  journal   = {Arxiv, 1511.06297},
  year      = {2015},
}

@inproceedings{stochastic_computation,
  author    = {Schulman, John and
               Heess, Nicolas and
               Weber, Theophane and
               Abbeel, Pieter},
  title     = {Gradient Estimation Using Stochastic Computation Graphs},
  booktitle = {NIPS},
  year      = {2015},
}

@article{path_net,
  author  = {Fernando, Chrisantha and
             Banarse, Dylan and
             Blundell, Charles and
             Zwols, Yori and
             Ha, David and
             Rusu, Andrei A. and
             Pritzel, Alexander and
             Wierstra, Daan},
  title   = {PathNet: Evolution Channels Gradient Descent in Super Neural Networks},
  journal = {Arxiv, 1701.08734},
  year    = {2017},
}

@inproceedings{nas_evolution,
  author    = {Real, Esteban and
               Moore, Sherry and
               Selle, Andrew and
               Saxena, Saurabh and
               Leon, Yutaka Suematsu and
               Tan, Jie and
               Le, Quoc and
               Kurakin, Alex},
  title     = {Large-Scale Evolution of Image Classifiers},
  booktitle = {ICML},
  year      = {2017},
}

@article{nas_reg_evolution,
  author  = {Real, Esteban and
             Aggarwal, Alok and
             Huang, Yanping and
             Le, Quoc V.},
  title   = {Peephole: Predicting network performance before
training},
  journal = {Arxiv, 1802.01548},
  year    = {2018},
}

@article{nas_peephole,
  author  = {Deng, Boyang and
             Yan, Junjie and
             Lin, Dahua},
  title   = {Peephole: Predicting network performance before
training},
  journal = {Arxiv, 1705.10823},
  year    = {2017},
}

@article{nas_performance_pred,
  author  = {Baker, Bowen and
             Gupta Otkrist and
             Raskar, Ramesh and
             Naik, Nikhil},
  title   = {Accelerating Neural Architecture Search using Performance Prediction},
  journal = {Arxiv, 1705.10823},
  year    = {2017},
}

@inproceedings{rnn_params_count,
  author    = {Collins, Jasmine and
               Sohl-Dickstein, Jascha and
               Sussillo, David},
  title     = {Capacity and Trainability in Recurrent Neural Networks },
  booktitle = {ICLR},
  year      = {2017},
}

@inproceedings{neural_cache,
  author    = {Grave, Edouard and
               Joulin, Armand and
               Usunier, Nicolas},
  title     = {Improving Neural Language Models with a Continuous Cache},
  booktitle = {ICLR},
  year      = {2017},
}

@inproceedings{mos,
  author    = {Yang, Zhilin and
               Dai, Zihang and
               Salakhutdinov, Ruslan and
               Cohen, William},
  title     = {Breaking the Softmax Bottleneck: A High-Rank RNN Language Model},
  booktitle = {ICLR},
  year      = {2018},
}

@inproceedings{xception,
  author    = {Chollet, Francois},
  title     = {Xception: Deep Learning with Depthwise Separable Convolutions},
  booktitle = {CVPR},
  year      = {2017},
}

@inproceedings{raml,
  author    = {Norouzi, Mohammad and
               Bengio, Samy and
               Chen, Zhifeng and
               Jaitly, Navdeep and
               Schuster, Mike and
               Wu, Yonghui and
               Schuurmans, Dale},
  title     = {Reward Augmented Maximum Likelihood for Neural Structured
    Prediction},
  booktitle = {NIPS},
  year      = {2016}
}

@article{softmax_q_dist,
  author    = {Ma, Xuezhe and
               Yin, Pengcheng and
               Liu, Jingzhou and
               Neubig, Graham and
               Hovy, Eduard},
  title     = {Softmax Q-Distribution Estimation for Structured Prediction: A
    Theoretical Interpretation for RAML},
  journal   = {Arxiv, 1705.07136},
  year      = {2017}
}

@inproceedings{actor_critic_nmt,
  author    = {Bahdanau, Dzmitry and
               Brakel, Philemon and
               Xu, Kelvin and
               Goyal, Anirudh and
               Lowe, Ryan and
               Pineau, Joelle and
               Courville, Aaron and
               Bengio, Yoshua},
  title     = {An Actor-Critic Algorithm for Sequence Prediction},
  booktitle = {ICLR},
  year      = {2017}
}

@inproceedings{mixer_nmt,
  author    = {Ranzato, Marc’Aurelio and
               Chopra, Sumit and
               Auli, Michael and
               Zaremba, Wojciech},
  title     = {Sequence Level Training with Recurrent Neural Networks},
  booktitle = {ICLR},
  year      = {2016}
}

@inproceedings{moe,
  author    = {Shazeer, Noam and
               Mirhoseini, Azalia and
               Maziarz, Krzysztof and
               Davis, Andy and
               Le, Quoc and
               Hinton, Geoffrey and
               Dean, Jeff},
  title     = {Outrageously Large Neural Networks: The Sparsely-Gated Mixture-of-Experts Layer},
  booktitle = {ICLR},
  year      = {2017}
}

@inproceedings{dad_nmt,
  author    = {Bengio, Samy and
               Vinyals, Oriol and
               Jaitly, Navdeep and
               Shazeer, Noam},
  title     = {Scheduled Sampling for Sequence Prediction with Recurrent Neural
    Networks},
  booktitle = {NIPS},
  year      = {2015}
}

@inproceedings{bandit_nmt,
  author    = {Nguyen, Khanh and
               Daum{\'e} III, Hal and
               Boyd-Graber, Jordan},
  title     = {Reinforcement Learning for Bandit Neural Machine Translation
    with Simulated Human Feedback},
  booktitle = {EMNLP},
  year      = {2017}
}

@phdthesis{martingale_technique,
  author    = {Bottou, L{\'e}on},
  title     = {Une Approche théorique de l’Apprentissage Connexioniste:
    Applications à la reconnaissance de la Parole.},
  year      = {1991}
}

@inproceedings{batch_norm,
  author    = {Ioffe, Sergey and
               Szegedy, Christian},
  title     = {Batch Normalization: Accelerating Deep Network Training by
    Reducing Internal Covariate Shift},
  booktitle = {ICML},
  year      = {2015}
}

@inproceedings{lstm_weight_tying,
  author    = {Inan, Hakan and
               Khosravi, Khashayar and
               Socher, Richard},
  title     = {Tying Word Vectors and Word Classifiers: a Loss Framework for
    Language Modeling},
  booktitle = {ICLR},
  year      = {2017}
}

@inproceedings{rnn_evol,
  author    = {J{\'{o}}zefowicz, Rafal and
               Zaremba, Wojciech and
               Sutskever, Ilya},
  title     = {An Empirical Exploration of Recurrent Network Architectures},
  booktitle = {ICML},
  year      = {2015}
}

@inproceedings{hierarchical_nas,
  author    = {Liu, Hanxiao and
               Simonyan, Karen and
               Vinyals, Oriol and
               Fernando, Chrisantha and
               Kavukcuoglu, Koray},
  title     = {Hierarchical Representations for Efficient Architecture Search},
  booktitle = {ICLR},
  year      = {2018}
}

@article{ptb_hparams,
  author    = {Melis, G{\'a}bor and
               Dyer, Chris and
               Blunsom, Phil},
  title     = {On the State of the Art of Evaluation in Neural Language
    Models},
  journal   = {Arxiv, 1707.05589},
  year      = {2017},
}

@article{pnas,
  author    = {Liu, Chenxi and
               Zoph, Barret and
               Shlens, Jonathon and
               Hua, Wei and
               Li, Li-Jia and
               Fei-Fei, Li and
               Yuille, Alan and
               Huang, Jonathan and
               Murphy, Kevin},
  title     = {Progressive Neural Architecture Search},
  journal   = {Arxiv, 1712.00559},
  year      = {2017},
}

@article{ptb_dynamic_eval,
  author    = {Krause, Ben and
               Kahembwe, Emmanuel and
               Murray, Iain and
               Renals, Steve},
  title     = {Dynamic Evaluation of Neural Sequence Models},
  journal   = {Arxiv, 1709.07432},
  year      = {2017},
}

@article{awd_lstm,
  author    = {Merity, Stephen and
               Keskar, Nitish Shirish and
               Socher, Richard},
  title     = {Regularizing and Optimizing {LSTM} Language Models},
  journal   = {Arxiv, 1708.02182},
  year      = {2017},
}

@article{rnn_regularization,
  author    = {Zaremba, Wojciech and
               Sutskever, Ilya and
               Vinyals, Oriol},
  title     = {Recurrent Neural Network Regularization},
  journal   = {Arxiv, 1409.2329},
  year      = {2014},
}

@inproceedings{resnext,
  title     = {Aggregated Residual Transformations for Deep Neural Networks},
  author    = {Xie, Saining and Girshick, Ross and Doll{\'a}r, Piotr and Tu, Zhuowen and He, Kaiming},
  booktitle = {CVPR},
  year      = {2017},
}

@inproceedings{adam,
  title     = {Adam: A Method for Stochastic Optimization},
  author    = {Kingma, Diederik P. and Ba, Jimmy Lei},
  booktitle = {ICLR},
  year      = {2015},
}

@inproceedings{he_init,
  title     = {Delving Deep into Rectifiers: Surpassing Human-Level Performance on ImageNet Classification},
  author    = {He, Kaiming and Zhang, Xiangyu and Rein, Shaoqing and Sun, Jian},
  booktitle = {CVPR},
  year      = {2015},
}

@inproceedings{cosine_lr,
  title     = {SGDR: Stochastic Gradient Descent with Warm Restarts},
  author    = {Loshchilov, Ilya and Hutter, Frank},
  booktitle = {ICLR},
  year      = {2017},
}

@techreport{cifar10,
  title   = {Learning Multiple Layers of Features from Tiny Images},
  author  = {Krizhevsky, Alex},
  year    = {2009},
}

@inproceedings{highway_and_res_net,
  title     = {Highway and Residual NetworkS Learn Unrolled Iterative Estimation},
  author    = {Greff, Klaus and Srivastava, Rupesh K. and Schmidhuber, J{\"u}rgen},
  booktitle = {ICLR},
  year      = {2017},
}

@article{multibranch_net,
  title   = {Connectivity Learning in Multi-branch Networks},
  author  = {Ahmed, Karim and Torresani, Lorenzo},
  journal = {Arxiv, 1709.09582},
  year    = {2017},
}


@inproceedings{rhn,
  author    = {Zilly, Julian Georg and
               Srivastava, Rupesh Kumar and
               Koutn{\'\i}k, Jan and
               Schmidhuber, J{\"u}rgen},
  title     = {Recurrent Highway Networks},
  booktitle = {ICML},
  year      = {2017},
}

@article{network_in_network,
  author    = {Lin,Min and Chen, Qiang and Yan, Shuicheng},
  title     = {Network In Network},
  journal   = {Arxiv, 1312.4400},
  year      = {2013},
}

@inproceedings{inception,
  author    = {Szegedy, Christian and
               Vanhoucke, Vincent and
               Ioffe, Sergey and
               Shlens, Jon and
               Wojna, Zbigniew},
  title     = {Rethinking the Inception Architecture for Computer Vision},
  booktitle = {CPVR},
  year      = {2016}
}


@article{nesterov,
  author  = {Nesterov, Yurii E.},
  title   = {A Method for Solving the Convex Programming Problem with
    Convergence Rate $O(1/k^2)$.},
  journal = {Soviet Mathematics Doklady},
  year    = {1983},
}


@inproceedings{shake_shake,
  author    = {Gastaldi, Xavier},
  title     = {Shake-shake regularization of 3-branch residual networks},
  booktitle = {ICLR Workshop Track},
  year      = {2016},
}

@article{cut_out,
  author    = {DeVries, Terrance and
               Taylor, Graham W.},
  title     = {Improved Regularization of Convolutional Neural Networks with
    Cutout},
  journal   = {Arxiv, 1708.04552},
  year      = {2017}
}


@inproceedings{nas_by_transformation,
  author    = {{Cai}, Han and
               {Chen}, Tianyao and
               {Zhang}, Weinan and
               {Yu}, Yong. and
               {Wang}, Jun},
  title     = {Efficient Architecture Search by Network Transformation},
  booktitle = {AAAI},
  year      = {2018},
}

@inproceedings{dense_net,
  author    = {Huang, Gao and
               Liu, Zhuang and
               van der Maaten, Laurens and
               Weinberger, Kilian Q.},
  title     = {Densely connected convolutional networks},
  booktitle = {CVPR},
  year      = {2016},
}

@article{ppo,
  author    = {Schulman, John and
               Wolski, Filip and
               Dhariwal, Prafulla and
               Radford, Alec and
               Klimov, Oleg},
  title     = {Proximal Policy Optimization Algorithms},
  journal   = {Arxiv, 1707.06347},
  year      = {2017},
}

@article{variational_inference_reviews,
  title     = {Variational Inference: A Review for Statisticians},
  author    = {Blei, David M. and Kucukelbir, Alp and McAuliffe, Jon D.},
  journal   = {Arxiv, 1601.00670},
  year      = {2016},
}

@inproceedings{struct_approx,
  title     = {Exploiting tractable substructures in intractable networks},
  author    = {Saul, L. and Jordan, M. I.},
  booktitle = {NIPS},
  year      = {1996},
}


@inproceedings{elbo_model_search,
  title     = {Bayesian model search for mixture models based on optimizing variational bounds},
  author    = {Ueda, N. and Ghahramani, Z.},
  booktitle = {Neural Networks},
  year      = {2002},
}

@inproceedings{kernel_nas,
  title     = {Deriving Neural Architectures from Sequence and Graph Kernels},
  author    = {Lei, Tao and Jin, Wengong and Barzilay, Regina and Jaakkola, Tommi},
  booktitle = {ICML},
  year      = {2017},
}

@inproceedings{ada_net,
  title     = {{A}da{N}et: Adaptive Structural Learning of Artificial Neural Networks},
  author    = {Cortes, Corinna and Gonzalvo, Xavier and Kuznetsov, Vitaly and Mohri, Mehryar and Yang, Scott},
  booktitle = {ICML},
  year      = {2017},
}

@inproceedings{non_parametric_net,
  author    = {Philipp, George and Carbonell, Jaime G.},
  title     = {Nonparametric Neural Networks},   
  booktitle = {ICLR},
  year      = {2017},
}

@inproceedings{conv_fabrics,
  author    = {Saxena, Shreyas and Verbeek, Jakob},
  title     = {Convolutional Neural Fabrics},   
  booktitle = {NIPS},
  year      = {2016}
}

@inproceedings{hyper_net,
  author    = {Ha, David and Dai, Andrew and Le, Quoc V.},
  title     = {HyperNetworks},
  booktitle = {ICLR},
  year      = {2017},
}

@article{smash_net,
  author    = {Brock, Andrew and
               Lim, Theodore and
               Ritchie, James M.
               and Weston, Nick},
  title     = {{SMASH:} One-Shot Model Architecture Search through HyperNetworks},
  journal   = {ICLR},
  year      = {2018},
}

@inproceedings{fractal_net,
  title     = {FractalNet: Ultra-Deep Neural Networks without Residuals},
  author    = {Larsson, Gustav and Maire, Michael and Shakhnarovich, Gregory},
  booktitle = {ICLR},
  year      = {2017}
}

@inproceedings{skip_connections_order,
  title     = {Identity Mappings in Deep Residual Networks},
  author    = {He, Kaiming and
               Zhang, Xiangyu and
               Ren, Shaoqing and
               Sun, Jian},
  booktitle = {CPVR},
  year      = {2016}
}

@inproceedings{res_net,
  title     = {Deep residual learning for image recognition},
  author    = {He, Kaiming and Zhang, Xiangyu and Ren, Shaoqing and Sun, Jian},
  booktitle = {CPVR},
  year      = {2016}
}

@inproceedings{wide_res_net,
  author    = {Zagoruyko, Sergey and Komodakis, Nikos},
  title     = {Wide Residual Networks},
  booktitle = {BMVC},
  year      = {2016},
}

@article{super_network,
  author    = {Veniat, Tom and Denoyer, Ludovic},
  title     = {Learning Time-Efficient Deep Architectures with Budgeted Super Networks},
  journal   = {Arxiv, 1706.00046},
  year      = {2017},
}

@article{nas_module_dqn,
  author    = {Zhong, Zhao and
               Yan, Junjie and
               Liu, Cheng{-}Lin},
  title     = {Practical Network Blocks Design with Q-Learning},
  journal   = {AAAI},
  year      = {2018},
}


@incollection{variational_rnn,
  title     = {A Recurrent Latent Variable Model for Sequential Data},
  author    = {Chung, Junyoung and Kastner, Kyle and Dinh, Laurent and Goel, Kratarth and Courville, Aaron C and Bengio, Yoshua},
  booktitle = {Advances in Neural Information Processing Systems 28},
  year      = {2015},
}

@inproceedings{variational_dropout,
  author    = {Yarin Gal and Zoubin Ghahramani},
  title     = {Dropout as a {B}ayesian Approximation: Representing Model Uncertainty in Deep Learning},
  booktitle = {ICML},
  year      = {2016},
}

@inproceedings{variational_dropout_rnn,
  title     = {A Theoretically Grounded Application of Dropout in Recurrent Neural Networks},
  author    = {Gal, Yarin and Ghahramani, Zoubin},
  booktitle = {NIPS},
  year      = {2016},
}

@article{bayes_nn,
  author  = {MacKay, David J. C.},
  title   = {A Practical Bayesian Framework for Backpropagation Networks},
  journal = {Neural Computations},
  year    = {1992},
} 

@inproceedings{nas_module,
  author    = {Zoph, Barret and
               Vasudevan, Vijay and
               Shlens, Jonathon and
               Le, Quoc V.},
  title     = {Learning Transferable Architectures for Scalable Image Recognition},
  booktitle = {CVPR},
  year      = {2018},
} 

@inproceedings{nas,
  author    = {Zoph, Barret and Le, Quoc V.},
  title     = {Neural Architecture Search with Reinforcement Learning},
  booktitle = {ICLR},
  year      = {2017},
} 

@inproceedings{deep_arc,
  author    = {Negrinho, Renato and Gordon, Geoff},
  title     = {DeepArchitect: Automatically Designing and Training Deep Architectures},
  booktitle = {CPVR},
  year      = {2017}
}

@inproceedings{nas_dqn,
  author    = {Baker, Bowen and
               Gupta, Otkrist and
               Naik, Nikhil and
               Raskar, Ramesh},
  title     = {Designing Neural Network Architectures using Reinforcement Learning},
  booktitle = {ICLR},
  year      = {2017},
}

@article{variational_em,
  author  = {Beal, Matthew J. and Ghahramani, Zoubin},
  title   = {The Variational Bayesian EM Algorithm for Incomplete Data: with Application to Scoring Graphical Model Structures},
  journal = {Bayesian Statistics},
  year    = {2003},
}

@inproceedings{dpg,
  author    = {Timothy P. Lillicrap and Jonathan J. Hunt and Alexander Pritzel and Nicolas Heess and Tom Erez and Yuval Tassa and David Silver and Daan Wierstra},
  title     = {Continuous control with deep reinforcement learning},
  booktitle = {ICLR},
  year      = {2016},
}

@inproceedings{actor_critic,
  author    = {Richard S. Sutton and David A. McAllester and Satinder P. Singh and Yishay Mansour},
  title     = {Policy Gradient Methods for Reinforcement Learning with Function Approximation},
  booktitle = {NIPS},
  year      = {1999},
}

@inproceedings{trpo,
  author    = {Schulman, John and Levine, Sergey and Moritz, Philipp and Jordan I., Michael and Abbeel, Pieter},
  title     = {Trust Region Policy Optimization},
  booktitle = {ICML},
  year      = {2015},
}

@inproceedings{q_prop,
  author    = {Shixiang Gu and Timothy P. Lillicrap and Zoubin Ghahramani and Richard E. Turner and Sergey Levine},
  title     = {Q-Prop: Sample-Efficient Policy Gradient with An Off-Policy Critic},
  booktitle = {ICLR},
  year      = {2017},
}

@article{reinforce,
  author    = {Williams, Ronald J.},
  title     = {Simple statistical gradient-following algorithms for connectionist reinforcement learning},
  journal   = {Machine Learning},
  year      = {1992},
}

@inproceedings{luong15acl,
  author    = {Luong, Minh-Thang  and  Sutskever, Ilya  and  Le, Quoc V.  and  Vinyals, Oriol  and  Zaremba, Wojciech},
  title     = {Addressing the Rare Word Problem in Neural Machine Translation},
  booktitle = {ACL},
  year      = {2015},
}

@inproceedings{luong15iwlst,
  title     = {Stanford Neural Machine Translation Systems for Spoken Language Domain},
  author    = {Minh-Thang Luong and Christopher D. Manning},
  booktitle = {IWLST},
  year      = {2015}
}

@inproceedings{attention,
  title     = {Neural Machine Translation by Jointly Learning to Align and Translate},
  author    = {Dzmitry Bahdanau and Kyunghyun Cho and Yoshua Bengio},
  booktitle = {ICLR},
  year      = {2015}
}

@inproceedings{memnet14,
  author    = {Jason Weston and Sumit Chopra and Antoine Bordes},
  title     = {Memory Networks},
  booktitle = {ICLR},
  year      = {2015}
}

@inproceedings{end2endMem15,
  author    = {Sainbayar Sukhbaatar and Arthur Szlam and Jason Weston and Rob Fergus},
  title     = {End-to-End Memory Networks},
  booktitle = {NIPS},
  year      = {2015}
}

@phdthesis{mikolov12,
  author = {Tomas Mikolov},
  title  = {Statistical Language Models Based on Neural Networks},
  year   = {2012}
}

@inproceedings{elman90,
  author    = {Jeffrey L. Elman},
  title     = {Finding structure in time},
  booktitle = {Cognitive Science},
  year      = {1990}
}

@inproceedings{lstm,
  author    = {Hochreiter, Sepp and Schmidhuber, J{\"u}rgen},
  title     = {Long Short-term Memory},
  booktitle = {Neural Computations},
  year      = {1997}
}

@inproceedings{gru,
  author    = {Junyoung Chung and {\c{C}}aglar G{\"{u}}l{\c{c}}ehre and KyungHyun Cho and Yoshua Bengio},
  title     = {Empirical Evaluation of Gated Recurrent Neural Networks on Sequence Modeling},
  booktitle = {Arxiv},
  year      = {2014},
}

@inproceedings{pascanu2013,
  author    = {Razvan Pascanu and Tomas Mikolov and Yoshua Bengio},
  title     = {On the difficulty of training recurrent neural networks},
  booktitle = {ICML},
  year      = {2013}
}

@inproceedings{dot_prod_attention,
  author    = {Luong, Minh-Thang and
               Pham, Hieu and
               Manning, Christopher D.},
  title     = {Effective Approaches to Attention-based Neural Machine
    Translation},
  booktitle = {EMNLP},
  year      = {2015}
}

@inproceedings{seq2seq_parsign,
  author    = {Vinyals, Oriol and
               Kaiser, Lukasz and
               Koo, Terry and
               Petrov, Slav and
               Sutskever, Ilya and
               Hinton, Geoffrey E.},
  title     = {Grammar as a Foreign Language},
  booktitle = {NIPS},
  year      = {2015}
}

@inproceedings{optimizeRNN13,
  author    = {Bengio, Yoshua and
               Boulanger-Lewandowski, Nicolas and
               Pascanu, Razvan},
  booktitle = {ICASSP},
  title     = {Advances in optimizing recurrent networks.},
  year = 2013
}

@inproceedings{rnn_lm,
  author    = {Mikolov, Tomas and
               Karafi{\'{a}}t, Martin and
               Burget, Luk{\'{a}}s and
               Cernock{\'{y}}, Jan and
               Khudanpur, Sanjeev},
  title     = {Recurrent neural network based language model},
  booktitle = {INTERSPEECH},
  year      = {2010}
}

@inproceedings{rerank_nmt,
  author    = {Cho, Kyunghyun Cho and
               van Merrienboer, Bart and
               G{\"{u}}l{\c{c}}ehre, {\c{C}}aglar and
               Bougares, Fethi and
               Schwenk, Holger and
               Bengio, Yoshua },
  title     = {Learning Phrase Representations using {RNN} Encoder-Decoder for
    Statistical Machine Translation},
  booktitle = {Arxiv},
  year      = {2014}
}

@inproceedings{tree_lstm,
  author    = {Tai, Kai Sheng and
               Socher, Richard and
               Manning, Christopher D.},
  title     = {Improved Semantic Representations From Tree-Structured Long
    Short-Term Memory Networks},
  booktitle = {ACL},
  year      = {2015}
}

@inproceedings{word_embs,
  author    = {Bengio, Yoshua and
               Ducharme, R{\'e}jean and
               Vincent, Pascal and
               Janvin, Christian},
  title     = {A Neural Probabilistic Language Model},
  booktitle = {JMLR},
  year      = {2003},
}

@inproceedings{dynamic_memory_net,
  author    = {Kumar, Ankit and
               Irsoy, Ozan and
               Su, Jonathan and
               Bradbury, James and
               English, Robert and
               Pierce, Brian and
               Ondruska, Peter and
               Gulrajani, Ishaan and
               Socher, Richard},
  title     = {Ask Me Anything: Dynamic Memory Networks for Natural Language Processing},
  booktitle = {Arxiv},
  year      = {2015}
}

@inproceedings{seq2seq,
  author    = {Sutskever, Ilya and
               Vinyals, Oriol and
               Le, Quoc V.},
  title     = {Sequence to Sequence Learning with Neural Networks},
  booktitle = {NIPS},
  year      = {2014}
}

@inproceedings{show_attend_and_tell,
  author    = {Xu, Kelvin and
               Ba, Jimmy and
               Kiros, Ryan and
               Cho, Kyunghyun and
               Courville, Aaron and
               Salakhutdinov, Ruslan and
               Zemel, Richard S. and
               Bengio, Yoshua},
  title     = {Show, Attend and Tell: Neural Image Caption Generation with
    Visual Attention},
  booktitle = {Arxiv},
  year      = {2015}
}

@inproceedings{penntreebank,
  author    = {Marcus, Mitchell and
               Kim, Grace and
               Marcinkiewicz, Mary Ann and
               MacIntyre, Robert and
               Bies, Ann and
               Ferguson, Mark and
               Katz, Karen and
               Schasberger, Britta},
  title     = {The Penn Treebank: Annotating Predicate Argument Structure},
  booktitle = {Proceedings of the Workshop on Human Language Technology},
  year      = {1994}
} 

@inproceedings{adagrad,
  author    = {Duchi, John and
               Hazan, Elad and
               Singer, Yoram},
  title     = {Adaptive Subgradient Methods for Online Learning and Stochastic
    Optimization},
  booktitle = {ICML},
  year      = {2011}
}

@inproceedings{glove,
  author    = {Pennington, Jeffrey and
               Socher, Richard and
               Manning, Christopher D.},
  booktitle = {EMNLP},
  title     = {GloVe: Global Vectors for Word Representation},
  year      = {2014}
}

@inproceedings{torch,
  title     = {Torch7: A Matlab-like Environment for Machine Learning},
  author    = {R. Collobert and K. Kavukcuoglu and C. Farabet},
  booktitle = {BigLearn, NIPS Workshop},
  year      = {2011}
}

@inproceedings{paragraph_vector,
  author    = {Le, Quoc V. and Mikolov, Tomas},
  title     = {Distributed Representations of Sentences and Documents},
  booktitle = {ICML},
  year      = {2014}
}

@inproceedings{dropout,
  author    = {Srivastava, Nitish and
               Hinton, Geoffrey and
               Krizhevsky, Alex and
               Sutskever, Ilya and
               Salakhutdinov, Ruslan},
  title     = {Dropout: A Simple Way to Prevent Neural Networks from
    Overfitting},
  booktitle = {JMLR},
  year      = {2014}
}

@inproceedings{irsoy14,
  author    = {Ozan Irsoy and Claire Cardie},
  title     = {Deep recursive neural networks for compositionality in language},
  booktitle = {NIPS},
  year      = {2014}
}

@inproceedings{kim14,
  author    = {Yoon Kim},
  title     = {Convolutional neural networks for sentence classification},
  booktitle = {EMNLP},
  year      = {2014}
}

@inproceedings{cnn_sentiment,
  author    = {Lei, Tao and
               Barzilay, Regina and
               Jaakkola, Tommi},
  title     = {Molding CNNs for text: non-linear, non-consecutive
    convolutions},
  booktitle = {EMNLP},
  year      = {2015}
}

@inproceedings{neural_optimizer_search,
  author    = {Bello, Irwan and
               Zoph, Barret and
               Vasudevan, Vijay and
               Le, Quoc V},
  title     = {Neural optimizer search with reinforcement learning},
  booktitle = {ICML},
  year      = {2017}
}

@inproceedings{neural_combi,
  author    = {Bello, Irwan and
               Pham, Hieu and
               Le, Quoc V. and
               Norouzi, Mohammad and
               Bengio, Samy},
  title     = {Neural Combinatorial Optimization with Reinforcement Learning},
  booktitle = {ICLR Workshop},
  year      = {2017}
}

% Data poisoning
@inproceedings{koh2017understanding,
  title={Understanding Black-box Predictions via Influence Functions},
  author={Koh, Pang Wei and Liang, Percy},
  booktitle={ICML},
  year={2017}
}
@article{zhang2016understanding,
  title={Understanding deep learning requires rethinking generalization},
  author={Zhang, Chiyuan and Bengio, Samy and Hardt, Moritz and Recht, Benjamin and Vinyals, Oriol},
  journal={arXiv preprint arXiv:1611.03530},
  year={2016}
}

@inproceedings{khayrallah-koehn-2018-impact,
    title = "On the Impact of Various Types of Noise on Neural Machine Translation",
    author = "Khayrallah, Huda  and
      Koehn, Philipp",
    booktitle = "Proceedings of the 2nd Workshop on Neural Machine Translation and Generation",
    year = "2018",
    pages = "74--83",
}

@inproceedings{koehn-etal-2018-findings,
    title = "Findings of the {WMT} 2018 Shared Task on Parallel Corpus Filtering",
    author = "Koehn, Philipp  and
      Khayrallah, Huda  and
      Heafield, Kenneth  and
      Forcada, Mikel L.",
    booktitle = "Proceedings of the Third Conference on Machine Translation: Shared Task Papers",
    year = "2018",
    pages = "726--739",
}

@article{lipton2018detecting,
  title={Detecting and correcting for label shift with black box predictors},
  author={Lipton, Zachary C and Wang, Yu-Xiang and Smola, Alex},
  journal={arXiv preprint arXiv:1802.03916},
  year={2018}
}

@article{shimodaira2000improving,
  title={Improving predictive inference under covariate shift by weighting the log-likelihood function},
  author={Shimodaira, Hidetoshi},
  journal={Journal of statistical planning and inference},
  volume={90},
  number={2},
  pages={227--244},
  year={2000},
  publisher={Elsevier}
}

@inproceedings{grezl2007probabilistic,
  title={Probabilistic and bottle-neck features for LVCSR of meetings},
  author={Gr{\'e}zl, Frantisek and Karafi{\'a}t, Martin and Kont{\'a}r, Stanislav and Cernocky, Jan},
  booktitle={ICASSP},
  volume={4},
  pages={IV--757},
  year={2007},
  organization={IEEE}
}

@inproceedings{vaswani2017attention,
  title={Attention is all you need},
  author={Vaswani, Ashish and Shazeer, Noam and Parmar, Niki and Uszkoreit, Jakob and Jones, Llion and Gomez, Aidan N and Kaiser, {\L}ukasz and Polosukhin, Illia},
  booktitle={NIPS},
  pages={5998--6008},
  year={2017}
}